@article{rbl_paper,
  author = {Manuel Boldrer and Alvaro Serra-Gomez and Lorenzo Lyons and Vit Kratky and Javier Alonso-Mora and Laura Ferranti},
  journal = {arxiv},
  title = {Rule-Based Lloyd Algorithm for Multi-Robot Motion Planning and Control with Safety and Convergence Guarantees},
  year = {2024},
  url = {https://arxiv.org/abs/2310.19511}
}


@article{magnetic_navigation,
  author = {Takebayashi, Takumi and Miyagusuku, Renato and Ozaki, Koichi},
  journal = {Sensors},
  number = {12},
  title = {Development of Magnetic-Based Navigation by Constructing Maps Using Machine Learning for Autonomous Mobile Robots in Real Environments},
  volume = {21},
  year = {2021},
  url = {https://www.mdpi.com/1424-8220/21/12/3972},
}

@article{vision_navigation,
  title={DynaVIG: Monocular Vision/INS/GNSS Integrated Navigation and Object Tracking for AGV in Dynamic Scenes}, 
  author={Ronghe Jin and Yan Wang and Zhi Gao and Xiaoji Niu and Li-Ta Hsu and Jingnan Liu},
  year={2022},
  eprint={2211.14478},
  archivePrefix={arXiv},
  primaryClass={cs.RO},
  url={https://arxiv.org/abs/2211.14478}, 
}

@article{lidar_navigation,
  title={Efficient and Robust LiDAR-Based End-to-End Navigation}, 
  author={Zhijian Liu and Alexander Amini and Sibo Zhu and Sertac Karaman and Song Han and Daniela Rus},
  year={2021},
  eprint={2105.09932},
  archivePrefix={arXiv},
  primaryClass={cs.RO},
  url={https://arxiv.org/abs/2105.09932}, 
}

@misc{Voronoi2d,
  author = {Balu Ertl},
  title = {3D Voronoi mesh of 25 random points with 0.3 opacity and points},
  year = {2023},
  url = {https://commons.wikimedia.org/w/index.php?curid=38534275},
  note = {Own work, licensed under CC BY-SA 4.0, Accessed: 2025-02-27}
}

@misc{Voronoi3d,
  author = {WalkingRadiance},
  title = {3D Voronoi mesh of 25 random points with 0.3 opacity and points},
  year = {2023},
  url = {https://commons.wikimedia.org/w/index.php?curid=127768757},
  note = {Own work, licensed under CC BY-SA 4.0, Accessed: 2025-02-27}
}
